<?xml version='1.0' encoding='UTF-8'?>
<record xmlns="http://www.loc.gov/MARC21/slim">
  <leader>01240cam a2200325 a 4500</leader>
  <controlfield tag="001">2755799</controlfield>
  <controlfield tag="003">NjP</controlfield>
  <controlfield tag="005">20171010173040.0</controlfield>
  <controlfield tag="008">890502s1961    sy            000 0 arard</controlfield>
  <datafield tag="024" ind1="7" ind2=" ">
    <subfield code="a">princeton_aco003185</subfield>
    <subfield code="2">local</subfield>
  </datafield>
  <datafield ind1=" " ind2=" " tag="035">
    <subfield code="a">(OCoLC)ocn178229742</subfield>
  </datafield>
  <datafield ind1=" " ind2=" " tag="035">
    <subfield code="a">(OCoLC)ocm19643141</subfield>
  </datafield>
  <datafield ind1=" " ind2=" " tag="040">
    <subfield code="a">OSU</subfield>
    <subfield code="c">PUL</subfield>
    <subfield code="d">PUL</subfield>
  </datafield>
  <datafield ind1=" " ind2=" " tag="035">
    <subfield code="a">(OCoLC)178229742</subfield>
  </datafield>
  <datafield ind1=" " ind2=" " tag="035">
    <subfield code="9">CNE9269TS</subfield>
  </datafield>
  <datafield ind1=" " ind2=" " tag="035">
    <subfield code="a">(NjP)2755799</subfield>
  </datafield>
  <datafield ind1=" " ind2=" " tag="079">
    <subfield code="a">ocm19643141</subfield>
  </datafield>
  <datafield ind1=" " ind2=" " tag="049">
    <subfield code="a">PULL</subfield>
  </datafield>
  <datafield ind1="1" ind2=" " tag="100">
    <subfield code="6">880-01</subfield>
    <subfield code="a">Ṭanṭāwī, ʻAlī,</subfield>
    <subfield code="d">1909-</subfield>
    <subfield code="0">http://id.loc.gov/authorities/names/n83066606</subfield>
  </datafield>
  <datafield ind1="1" ind2="3" tag="245">
    <subfield code="6">880-02</subfield>
    <subfield code="a">al-Jāmiʻ al-Umawī fī Dimashq :</subfield>
    <subfield code="b">waṣf wa-taʼrīkh /</subfield>
    <subfield code="c">min taʼlīf ʻAlī al-Ṭanṭāwī.</subfield>
  </datafield>
  <datafield ind1=" " ind2=" " tag="250">
    <subfield code="6">880-03</subfield>
    <subfield code="a">al-Ṭabʻah 2.</subfield>
  </datafield>
  <datafield ind1=" " ind2=" " tag="260">
    <subfield code="6">880-04</subfield>
    <subfield code="a">Dimashq :</subfield>
    <subfield code="b">Dār al-Fikr,</subfield>
    <subfield code="c">1961.</subfield>
  </datafield>
  <datafield ind1=" " ind2=" " tag="300">
    <subfield code="a">87 p. :</subfield>
    <subfield code="b">ill. ;</subfield>
    <subfield code="c">24 cm.</subfield>
  </datafield>
  <datafield ind1="2" ind2="0" tag="610">
    <subfield code="6">880-05</subfield>
    <subfield code="a">Jāmiʻ al-Umawī (Damascus, Syria)</subfield>
  </datafield>
  <datafield ind1="1" ind2=" " tag="880">
    <subfield code="6">100-01/r</subfield>
    <subfield code="a">طنطاوي، علي،</subfield>
    <subfield code="d">1909-</subfield>
  </datafield>
  <datafield ind1="1" ind2="2" tag="880">
    <subfield code="6">245-02/r</subfield>
    <subfield code="a">الجامع الاموي في دمشق :</subfield>
    <subfield code="b">وصف وتأريخ /</subfield>
    <subfield code="c">من تأليف علي الطنطاوي.</subfield>
  </datafield>
  <datafield ind1=" " ind2=" " tag="880">
    <subfield code="6">250-03/r</subfield>
    <subfield code="a">الطبعة 2.</subfield>
  </datafield>
  <datafield ind1=" " ind2=" " tag="880">
    <subfield code="6">260-04/r</subfield>
    <subfield code="a">دمشق :</subfield>
    <subfield code="b">دار الفكر،</subfield>
    <subfield code="c">1961.</subfield>
  </datafield>
  <datafield ind1="2" ind2="0" tag="880">
    <subfield code="6">610-05/r</subfield>
    <subfield code="a">جامع الاموي (دمشق، سورية)</subfield>
  </datafield>
  <datafield ind1=" " ind2=" " tag="911">
    <subfield code="a">20000130</subfield>
  </datafield>
  <datafield ind1=" " ind2=" " tag="994">
    <subfield code="a">C0</subfield>
    <subfield code="b">PUL</subfield>
  </datafield>
  <datafield ind1=" " ind2=" " tag="999">
    <subfield code="a">2755799</subfield>
  </datafield>
  <datafield ind1="0" ind2="0" tag="852">
    <subfield code="0">3066550</subfield>
    <subfield code="b">rcppa</subfield>
    <subfield code="t">1</subfield>
    <subfield code="h">BP187.65.S952</subfield>
    <subfield code="i">D3638 1961</subfield>
    <subfield code="x">tr fr nec</subfield>
  </datafield>
  <datafield ind1=" " ind2=" " tag="959">
    <subfield code="a">2009-07-02 12:50:12 -0400</subfield>
  </datafield>
</record>
